<collection xmlns="http://www.loc.gov/MARC21/slim"><record><leader>00706nam  2200205   450</leader><controlfield tag="001">856</controlfield><controlfield tag="003">http://montalegre.opacnet.com/OPAC/default.aspx?ContentAreaControl=ShowRegHoldings.ascx&amp;RegNo=16662</controlfield><datafield tag="095" ind1=" " ind2=" "><subfield code="a">PTBN00021079</subfield></datafield><datafield tag="100" ind1=" " ind2=" "><subfield code="a">19870501d1980    m  y0pora010305  ba</subfield></datafield><datafield tag="101" ind1="1" ind2=" "><subfield code="a">por</subfield></datafield><datafield tag="102" ind1=" " ind2=" "><subfield code="a">PT</subfield></datafield><datafield tag="200" ind1="1" ind2=" "><subfield code="a">&lt;O &gt;mundo ante os olhos do materialista</subfield><subfield code="f">A. Pozner</subfield><subfield code="g">trad. de António A. F. da Costa Santos</subfield></datafield><datafield tag="210" ind1=" " ind2=" "><subfield code="a">Venda Nova, Amadora</subfield><subfield code="c">Novo Curso Editores</subfield><subfield code="d">1980</subfield></datafield><datafield tag="215" ind1=" " ind2=" "><subfield code="a">155, [1] p.</subfield><subfield code="d">17 cm</subfield></datafield><datafield tag="225" ind1="2" ind2=" "><subfield code="a">Biblioteca juvenil</subfield></datafield><datafield tag="675" ind1=" " ind2=" "><subfield code="z">por</subfield></datafield><datafield tag="700" ind1=" " ind2="1"><subfield code="a">Pozner</subfield><subfield code="b">André</subfield></datafield><datafield tag="702" ind1=" " ind2="1"><subfield code="a">Santos</subfield><subfield code="b">António A. F. da Costa</subfield><subfield code="4">730</subfield></datafield><datafield tag="801" ind1=" " ind2="0"><subfield code="a">PT</subfield><subfield code="b">Biblioteca Municipal de Montalegre</subfield><subfield code="g">RPC</subfield></datafield><datafield tag="856" ind1=" " ind2=" "><subfield code="u">locateMedia.asp?cod=20060627104756&amp;ext=jpg</subfield><subfield code="z">CAPA</subfield></datafield><datafield tag="909" ind1="&#9;" ind2=" "><subfield code="a">1</subfield></datafield><datafield tag="966" ind1=" " ind2=" "><subfield code="a">0001343</subfield><subfield code="l">BMM</subfield><subfield code="s">SJ 087.5 POZ mun</subfield></datafield></record></collection>